@article{jensen1976theory,
  title={Theory of the firm: Managerial behavior, agency costs and ownership structure},
  author={Jensen, Michael C and Meckling, William H},
  journal={Journal of financial economics},
  volume={3},
  number={4},
  pages={305--360},
  year={1976},
  publisher={Elsevier}

}

@book{casson2008oxford,
  title={The Oxford handbook of entrepreneurship},
  author={Casson, Mark and Yeung, Bernard and Basu, Anuradha},
  year={2008},
  publisher={Oxford Handbooks}
}


@book{TiddBessant,
  title = {Managing innovation},
  subtitle = {integrating technological, market and organizational change},
  year = 2018,
  isbn = {9781119379416},
  publisher = {Wiley},
  author = {Tidd, {Joseph} and Bessant, {John R.}},
  edition = {6th},
  address = {New Jersey}
}



@article{Osnabrugge2000,
author = { Mark   Van Osnabrugge },
title = {A comparison of business angel and venture capitalist investment procedures: An agency theory-based analysis},
journal = {Venture Capital},
volume = {2},
number = {2},
pages = {91-109},
year  = {2000},
publisher = {Routledge},
doi = {10.1080/136910600295729}
}

@article{colombo2016open,
  title={Open business models and venture capital finance},
  author={Colombo, Massimo G and Cumming, Douglas and Mohammadi, Ali and Rossi-Lamastra, Cristina and Wadhwa, Anu},
  journal={Industrial and Corporate Change},
  volume={25},
  number={2},
  pages={353--370},
  year={2016},
  publisher={Oxford University Press}
}

@article{chesbrough2007companies,
  title={Why companies should have open business models},
  author={Chesbrough, Henry W},
  journal={MIT Sloan management review},
  volume={48},
  number={2},
  pages={22},
  year={2007},
  publisher={Massachusetts Institute of Technology, Cambridge, MA} 

}

